@article{hampel1974influence,
  title={The influence curve and its role in robust estimation},
  author={Hampel, Frank R},
  journal={Journal of the american statistical association},
  volume={69},
  number={346},
  pages={383--393},
  year={1974},
  publisher={Taylor \& Francis}
}
@article{peters2016causal,
  title={Causal inference by using invariant prediction: identification and confidence intervals},
  author={Peters, Jonas and B{\"u}hlmann, Peter and Meinshausen, Nicolai},
  journal={Journal of the Royal Statistical Society: Series B (Statistical Methodology)},
  volume={78},
  number={5},
  pages={947--1012},
  year={2016},
  publisher={Wiley Online Library}
}
@article{wikkelso2014prediction,
  title={Prediction of postpartum blood transfusion--risk factors and recurrence},
  author={Wikkels{\o}, Anne J and Hjort{\o}e, Sofie and Gerds, Thomas A and M{\o}ller, Ann M and Langhoff-Roos, Jens},
  journal={The Journal of Maternal-Fetal \& Neonatal Medicine},
  volume={27},
  number={16},
  pages={1661--1667},
  year={2014},
  publisher={Taylor \& Francis}
}
@book{edwards2012fourier,
  title={Fourier series: a modern introduction},
  author={Edwards, Robert E},
  volume={1},
  year={2012},
  publisher={Springer Science \& Business Media}
}
@article{lin2006random,
  title={Random forests and adaptive nearest neighbors},
  author={Lin, Yi and Jeon, Yongho},
  journal={Journal of the American Statistical Association},
  volume={101},
  number={474},
  pages={578--590},
  year={2006},
  publisher={Taylor \& Francis}
}
@article{duroux2016impact,
  title={Impact of subsampling and pruning on random forests},
  author={Duroux, Roxane and Scornet, Erwan},
  journal={arXiv preprint arXiv:1603.04261},
  year={2016}
}
@article{wager2015adaptive,
  title={Adaptive concentration of regression trees, with application to random forests},
  author={Wager, Stefan and Walther, Guenther},
  journal={arXiv preprint arXiv:1503.06388},
  year={2015}
}
@article{biau2016random,
  title={A random forest guided tour},
  author={Biau, G{\'e}rard and Scornet, Erwan},
  journal={Test},
  volume={25},
  number={2},
  pages={197--227},
  year={2016},
  publisher={Springer}
}
@book{van2003unified,
  title={Unified methods for censored longitudinal data and causality},
  author={van der Laan, Mark J and Laan, MJ and Robins, James M},
  year={2003},
  publisher={Springer Science \& Business Media}
}
@article{tchetgenYifanTagetDML,
  title={Selective machine learning of doubly robust functionals},
  author={Cui, Yifan and Tchetgen, Eric J.},
  journal={arXiv preprint arXiv:2004.03036},
  year={2020}
}
@article{glynn2010introduction,
  title={An introduction to the augmented inverse propensity weighted estimator},
  author={Glynn, Adam N and Quinn, Kevin M},
  journal={Political analysis},
  volume={18},
  number={1},
  pages={36--56},
  year={2010},
  publisher={Cambridge University Press}
}
@book{peters2017elements,
  title={Elements of causal inference: foundations and learning algorithms},
  author={Peters, Jonas and Janzing, Dominik and Sch{\"o}lkopf, Bernhard},
  year={2017},
  publisher={MIT press}
}
@book{spirtes2000causation,
  title={Causation, prediction, and search},
  author={Spirtes, Peter and Glymour, Clark N and Scheines, Richard and Heckerman, David},
  year={2000},
  publisher={MIT press}
}
@book{hernanRobinsWhatIf,
  title={Causal Inference: What If},
  author={Hernán, MA and Robins, JM},
  year={2020},
  publisher={Boca Raton: Chapman \& Hall/CRC}
}
@book{billingsley2013convergence,
  title={Convergence of probability measures},
  author={Billingsley, Patrick},
  year={2013},
  publisher={John Wiley \& Sons}
}
@book{grubb2008distributions,
  title={Distributions and operators},
  author={Grubb, Gerd},
  volume={252},
  year={2008},
  publisher={Springer Science \& Business Media}
}
@book{hansen2009measure,
  title={Measure theory},
  author={Hansen, Ernst},
  year={2009},
  publisher={Department of Mathematical Sciences, University of Copenhagen}
}
@book{tsiatis2007semiparametric,
  title={Semiparametric theory and missing data},
  author={Tsiatis, Anastasios},
  year={2007},
  publisher={Springer Science \& Business Media}
}
@article{hjort2001note,
  title={A note on kernel density estimators with optimal bandwidths},
  author={Hjort, Nils Lid and Walker, Stephen G},
  journal={Statistics \& Probability Letters},
  volume={54},
  number={2},
  pages={153--159},
  year={2001},
  publisher={Elsevier}
}
@book{li2007nonparametric,
  title={Nonparametric econometrics: theory and practice},
  author={Li, Qi and Racine, Jeffrey Scott},
  year={2007},
  publisher={Princeton University Press}
}
@book{wasserman2006all,
  title={All of nonparametric statistics},
  author={Wasserman, Larry},
  year={2006},
  publisher={Springer Science \& Business Media}
}
@article{portier2016asymptotics,
  title={On the asymptotics of $ Z $-estimators indexed by the objective functions},
  author={Portier, Fran{\c{c}}ois and others},
  journal={Electronic Journal of Statistics},
  volume={10},
  number={1},
  pages={464--494},
  year={2016},
  publisher={The Institute of Mathematical Statistics and the Bernoulli Society}
}
@article{shapiro1990concepts,
  title={On concepts of directional differentiability},
  author={Shapiro, Alexander},
  journal={Journal of optimization theory and applications},
  volume={66},
  number={3},
  pages={477--487},
  year={1990},
  publisher={Springer}
}
@article{reeds1976definition,
  title={On the definition of von Mises functionals},
  author={Reeds, James},
  journal={Ph. D. dissertation, Harvard Univ.},
  year={1976}
}
@book{van1996weak,
  title={Weak Convergence and Empirical Processes: With Applications to Statistics},
  author={van der Vaart, AW and Wellner, Jon},
  year={1996},
  publisher={Springer Science \& Business Media}
}
@book{van2000asymptotic,
  title={Asymptotic statistics},
  author={van der Vaart, Aad W},
  volume={3},
  year={2000},
  publisher={Cambridge university press}
}
@article{van1991differentiable,
  title={On differentiable functionals},
  author={van der Vaart, Aad},
  journal={The Annals of Statistics},
  pages={178--204},
  year={1991},
  publisher={JSTOR}
}
@misc{newey1994handbook,
  title={Handbook of econometrics},
  author={Newey, Whitney K and McFadden, Daniel and Engle, Robert F and McFadden, Daniel L},
  year={1994},
  publisher={Elsevier Science, Amsterdam}
}
@techreport{breiman2000some,
  title={Some infinity theory for predictor ensembles},
  author={Breiman, Leo},
  year={2000},
  institution={Technical Report 579, Statistics Dept. UCB}
}
@article{paninski2008undersmoothed,
  title={Undersmoothed kernel entropy estimators},
  author={Paninski, Liam and Yajima, Masanao},
  journal={IEEE Transactions on Information Theory},
  volume={54},
  number={9},
  pages={4384--4388},
  year={2008},
  publisher={IEEE}
}
@article{goldstein1992optimal,
  title={Optimal plug-in estimators for nonparametric functional estimation},
  author={Goldstein, Larry and Messer, Karen},
  journal={The annals of statistics},
  pages={1306--1328},
  year={1992},
  publisher={JSTOR}
}
@article{bickel2003nonparametric,
  title={Nonparametric estimators which can be "plugged-in"},
  author={Bickel, Peter J and Ritov, Ya'acov and others},
  journal={The Annals of Statistics},
  volume={31},
  number={4},
  pages={1033--1053},
  year={2003},
  publisher={Institute of Mathematical Statistics}
}
@book{bickel1993efficient,
  title={Efficient and adaptive estimation for semiparametric models},
  author={Bickel, Peter J and Klaassen, Chris AJ and Bickel, Peter J and Ritov, Ya’acov and Klaassen, J and Wellner, Jon A and Ritov, YA'Acov},
  volume={4},
  year={1993},
  publisher={Johns Hopkins University Press Baltimore}
}
@article{laurent1996efficient,
  title={Efficient estimation of integral functionals of a density},
  author={Laurent, B{\'e}atrice and others},
  journal={The Annals of Statistics},
  volume={24},
  number={2},
  pages={659--681},
  year={1996},
  publisher={Institute of Mathematical Statistics}
}
@article{goldstein1996efficient,
  title={On efficient estimation of smooth functionals},
  author={Goldstein, L and Khasminskii, R},
  journal={Theory of Probability \& Its Applications},
  volume={40},
  number={1},
  pages={151--156},
  year={1996},
  publisher={SIAM}
}
@article{hardle1988far,
  title={How far are automatically chosen regression smoothing parameters from their optimum?},
  author={H{\"a}rdle, Wolfgang and Hall, Peter and Marron, James Stephen},
  journal={Journal of the American Statistical Association},
  volume={83},
  number={401},
  pages={86--95},
  year={1988},
  publisher={Taylor \& Francis}
}
@article{donoho1991geometrizing,
  title={Geometrizing rates of convergence, II},
  author={Donoho, David L and Liu, Richard C},
  journal={The Annals of Statistics},
  pages={633--667},
  year={1991},
  publisher={JSTOR}
}
@incollection{kennedy2016semiparametric,
  title={Semiparametric theory and empirical processes in causal inference},
  author={Kennedy, Edward H},
  booktitle={Statistical causal inferences and their applications in public health research},
  pages={141--167},
  year={2016},
  publisher={Springer}
}
@article{gibbs2002choosing,
  title={On choosing and bounding probability metrics},
  author={Gibbs, Alison L and Su, Francis Edward},
  journal={International statistical review},
  volume={70},
  number={3},
  pages={419--435},
  year={2002},
  publisher={Wiley Online Library}
}
@article{ichimuraNewey2015influence,
  title={The influence function of semiparametric estimators},
  author={Ichimura, Hidehiko and Newey, Whitney K},
  journal={arXiv preprint arXiv:1508.01378},
  year={2015}
}
@article{robinsVdVaart2017minimax,
  title={Minimax estimation of a functional on a structured high-dimensional model},
  author={Robins, James M and Li, Lingling and Mukherjee, Rajarshi and Tchetgen, Eric Tchetgen and van der Vaart, Aad and others},
  journal={The Annals of Statistics},
  volume={45},
  number={5},
  pages={1951--1987},
  year={2017},
  publisher={Institute of Mathematical Statistics}
}
@article{gill1989non,
  title={Non-and semi-parametric maximum likelihood estimators and the von mises method (part 1)[with discussion and reply]},
  author={Gill, Richard D and Wellner, Jon A and Pr{\ae}stgaard, Jens},
  journal={Scandinavian Journal of Statistics},
  pages={97--128},
  year={1989},
  publisher={JSTOR}
}
%% Neyman-orthogonality:
@techreport{chernozhukov2016double,
  title={Double machine learning for treatment and causal parameters},
  author={Chernozhukov, Victor and Chetverikov, Denis and Demirer, Mert and Duflo, Esther and Hansen, Christian and Newey, Whitney K},
  year={2016},
  institution={cemmap working paper}
}
@misc{chernozhukov2018double,
  title={Double/debiased machine learning for treatment and structural parameters},
  author={Chernozhukov, Victor and Chetverikov, Denis and Demirer, Mert and Duflo, Esther and Hansen, Christian and Newey, Whitney and Robins, James},
  year={2018},
  publisher={Oxford University Press Oxford, UK}
}
@article{foster2019orthogonal,
  title={Orthogonal statistical learning},
  author={Foster, Dylan J and Syrgkanis, Vasilis},
  journal={arXiv preprint arXiv:1901.09036},
  year={2019}
}
@inproceedings{zadik2018orthogonal,
  title={Orthogonal Machine Learning: Power and Limitations},
  author={Zadik, Ilias and Mackey, Lester and Syrgkanis, Vasilis},
  booktitle={International Conference on Machine Learning},
  pages={5723--5731},
  year={2018}
}
@article{colangelo2020double,
  title={Double debiased machine learning nonparametric inference with continuous treatments},
  author={Colangelo, Kyle and Lee, Ying-Ying},
  journal={arXiv preprint arXiv:2004.03036},
  year={2020}
}
@article{chiang2019multiway,
  title={Multiway Cluster Robust Double/Debiased Machine Learning},
  author={Chiang, Harold D and Kato, Kengo and Ma, Yukun and Sasaki, Yuya},
  journal={arXiv preprint arXiv:1909.03489},
  year={2019}
}
@article{chernozhukov2017double,
  title={Double/debiased/neyman machine learning of treatment effects},
  author={Chernozhukov, Victor and Chetverikov, Denis and Demirer, Mert and Duflo, Esther and Hansen, Christian and Newey, Whitney},
  journal={American Economic Review},
  volume={107},
  number={5},
  pages={261--65},
  year={2017}
}
@article{breiman2001statistical,
  title={Statistical modeling: The two cultures (with comments and a rejoinder by the author)},
  author={Breiman, Leo and others},
  journal={Statistical science},
  volume={16},
  number={3},
  pages={199--231},
  year={2001},
  publisher={Institute of Mathematical Statistics}
}
@article{robins2020interventionist,
  title={An interventionist approach to mediation analysis},
  author={Robins, James M and Richardson, Thomas S and Shpitser, Ilya},
  journal={arXiv preprint arXiv:2008.06019},
  year={2020}
}
@article{didelez2019defining,
  title={Defining causal mediation with a longitudinal mediator and a survival outcome},
  author={Didelez, Vanessa},
  journal={Lifetime data analysis},
  volume={25},
  number={4},
  pages={593--610},
  year={2019},
  publisher={Springer}
}
@article{robins2010alternative,
  title={Alternative graphical causal models and the identification of direct effects},
  author={Robins, James M and Richardson, Thomas S},
  journal={Causality and psychopathology: Finding the determinants of disorders and their cures},
  pages={103--158},
  year={2010},
  publisher={Oxford University Press Oxford, UK}
}
@article{aalen2020time,
  title={Time-dependent mediators in survival analysis: Modeling direct and indirect effects with the additive hazards model},
  author={Aalen, Odd O and Stensrud, Mats J and Didelez, Vanessa and Daniel, Rhian and R{\o}ysland, Kjetil and Strohmaier, Susanne},
  journal={Biometrical Journal},
  volume={62},
  number={3},
  pages={532--549},
  year={2020},
  publisher={Wiley Online Library}
}
@article{shaked2015multivariate,
  title={Multivariate conditional hazard rate functions--an overview},
  author={Shaked, Moshe and Shanthikumar, J George},
  journal={Applied Stochastic Models in Business and Industry},
  volume={31},
  number={3},
  pages={285--296},
  year={2015},
  publisher={Wiley Online Library}
}
@article{martinussen2020estimation,
  title={Estimation of separable direct and indirect effects in continuous time},
  author={Martinussen, Torben and Stensrud, Mats Julius},
  journal={arXiv preprint arXiv:2008.13126},
  year={2020}
}
@article{didelez2008graphical,
  title={Graphical models for marked point processes based on local independence},
  author={Didelez, Vanessa},
  journal={Journal of the Royal Statistical Society: Series B (Statistical Methodology)},
  volume={70},
  number={1},
  pages={245--264},
  year={2008},
  publisher={Wiley Online Library}
}
@article{mogensen2020markov,
  title={Markov equivalence of marginalized local independence graphs},
  author={Mogensen, S{\o}ren Wengel and Hansen, Niels Richard and others},
  journal={The Annals of Statistics},
  volume={48},
  number={1},
  pages={539--559},
  year={2020},
  publisher={Institute of Mathematical Statistics}
}
@book{andersen2012statistical,
  title={Statistical models based on counting processes},
  author={Andersen, Per K and Borgan, Ornulf and Gill, Richard D and Keiding, Niels},
  year={2012},
  publisher={Springer Science \& Business Media}
}
@book{didelez2001graphical,
  title={Graphical models for event history analysis based on local independence},
  author={Didelez, Vanessa},
  year={2001},
  publisher={Logos-Verlag}
}
@article{pearl2018does,
  title={Does obesity shorten life? Or is it the soda? On non-manipulable causes},
  author={Pearl, Judea},
  journal={Journal of Causal Inference},
  volume={6},
  number={2},
  year={2018},
  publisher={De Gruyter}
}
@article{hernan2008does,
  title={Does obesity shorten life? The importance of well-defined interventions to answer causal questions},
  author={Hern{\'a}n, Miguel A and Taubman, Sarah L},
  journal={International journal of obesity},
  volume={32},
  number={3},
  pages={S8--S14},
  year={2008},
  publisher={Nature Publishing Group}
}
@article{steerneman1983total,
  title={On the total variation and Hellinger distance between signed measures; an application to product measures},
  author={Steerneman, Ton},
  journal={Proceedings of the American Mathematical Society},
  volume={88},
  number={4},
  pages={684--688},
  year={1983}
}
@article{athey2019generalized,
  title={Generalized random forests},
  author={Athey, Susan and Tibshirani, Julie and Wager, Stefan and others},
  journal={Annals of Statistics},
  volume={47},
  number={2},
  pages={1148--1178},
  year={2019},
  publisher={Institute of Mathematical Statistics}
}
@article{van2006targeted,
  title={Targeted maximum likelihood learning},
  author={van der Laan, Mark J and Rubin, Daniel},
  journal={The international journal of biostatistics},
  volume={2},
  number={1},
  year={2006},
  publisher={De Gruyter}
}
@book{van2011targeted,
  title={Targeted learning: causal inference for observational and experimental data},
  author={van der Laan, Mark J and Rose, Sherri},
  year={2011},
  publisher={Springer Science \& Business Media}
}
@techreport{rosenblum2011simple,
  title={Simple examples of estimating causal effects using targeted maximum likelihood estimation},
  author={Rosenblum, Michael and van der Laan, Mark J},
  year={2011},
  publisher={bepress},
  institution={Berkeley Division of Biostatistics Working Paper Series}
}
@article{van2014targeted,
  title={Targeted minimum loss-based estimation},
  author={van der Laan, Mark J and Benkeser, David and Sofrygin, Oleg},
  journal={Wiley StatsRef: Statistics Reference Online},
  pages={1--8},
  year={2014},
  publisher={Wiley Online Library}
}
@article{bang2005doubly,
  title={Doubly robust estimation in missing data and causal inference models},
  author={Bang, Heejung and Robins, James M},
  journal={Biometrics},
  volume={61},
  number={4},
  pages={962--973},
  year={2005},
  publisher={Wiley Online Library}
}
@article{lu2008improving,
  title={Improving the efficiency of the log-rank test using auxiliary covariates},
  author={Lu, Xiaomin and Tsiatis, Anastasios A},
  journal={Biometrika},
  volume={95},
  number={3},
  pages={679--694},
  year={2008},
  publisher={Oxford University Press}
}
@article{jensen2014temporal,
  title={Temporal disease trajectories condensed from population-wide registry data covering 6.2 million patients},
  author={Jensen, Anders Boeck and Moseley, Pope L and Oprea, Tudor I and Elles{\o}e, Sabrina Gade and Eriksson, Robert and Schmock, Henriette and Jensen, Peter Bj{\o}dstrup and Jensen, Lars Juhl and Brunak, S{\o}ren},
  journal={Nature communications},
  volume={5},
  number={1},
  pages={1--10},
  year={2014},
  publisher={Nature Publishing Group}
}
@article{van2019efficient,
  title={Efficient estimation of pathwise differentiable target parameters with the undersmoothed highly adaptive lasso},
  author={van der Laan, Mark J and Benkeser, David and Cai, Weixin},
  journal={arXiv preprint arXiv:1908.05607},
  year={2019}
}
@article{ertefaie2020nonparametric,
  title={Nonparametric inverse probability weighted estimators based on the highly adaptive lasso},
  author={Ertefaie, Ashkan and Hejazi, Nima S and van der Laan, Mark J},
  journal={arXiv preprint arXiv:2005.11303},
  year={2020}
}
@book{gerds2021medical,
  title={Medical Risk Prediction Models: With Ties to Machine Learning},
  author={Gerds, Thomas A and Kattan, Michael W},
  year={2021},
  publisher={CRC Press}
}
@article{davison2019comment,
  title={Comment: Models Are Approximations!},
  author={Davison, Anthony C and Koch, Erwan and Koh, Jonathan},
  journal={Statistical Science},
  volume={34},
  number={4},
  pages={584--590},
  year={2019},
  publisher={Institute of Mathematical Statistics}
}
@article{little2019comment,
  title={Comment:“Models as Approximations I: Consequences Illustrated with Linear Regression” by A. Buja, R. Berk, L. Brown, E. George, E. Pitkin, L. Zhan and K. Zhang},
  author={Little, Roderick J},
  journal={Statistical Science},
  volume={34},
  number={4},
  pages={580--583},
  year={2019},
  publisher={Institute of Mathematical Statistics}
}
@article{whitney2019comment,
  title={Comment: Models as (deliberate) approximations},
  author={Whitney, David and Shojaie, Ali and Carone, Marco},
  journal={Statistical science: a review journal of the Institute of Mathematical Statistics},
  volume={34},
  number={4},
  pages={591},
  year={2019},
  publisher={NIH Public Access}
}
@article{lawless2019comment,
  title={Comment on Models as Approximations, Parts I and II, by Buja et al.},
  author={Lawless, Jerald F},
  journal={Statistical Science},
  volume={34},
  number={4},
  pages={569--571},
  year={2019},
  publisher={Institute of Mathematical Statistics}
}
@article{buja2019models,
  title={Models as approximations I: Consequences illustrated with linear regression},
  author={Buja, Andreas and Brown, Lawrence and Berk, Richard and George, Edward and Pitkin, Emil and Traskin, Mikhail and Zhang, Kai and Zhao, Linda},
  journal={Statistical Science},
  volume={34},
  number={4},
  pages={523--544},
  year={2019},
  publisher={Institute of Mathematical Statistics}
}
@article{ghanem2019discussion,
  title={Discussion: Models as Approximations},
  author={Ghanem, Dalia and Kuffner, Todd A},
  journal={Statistical Science},
  volume={34},
  number={4},
  pages={604--605},
  year={2019},
  publisher={Institute of Mathematical Statistics}
}
@article{rinaldo2019comment,
  title={Comment: Statistical inference from a predictive perspective},
  author={Rinaldo, Alessandro and Tibshirani, Ryan J and Wasserman, Larry},
  journal={Statistical Science},
  volume={34},
  number={4},
  pages={599--603},
  year={2019},
  publisher={Institute of Mathematical Statistics}
}
@article{buja2019models2,
  title={Models as approximations II: A model-free theory of parametric regression},
  author={Buja, Andreas and Brown, Lawrence and Kuchibhotla, Arun Kumar and Berk, Richard and George, Edward and Zhao, Linda},
  journal={Statistical Science},
  volume={34},
  number={4},
  pages={545--565},
  year={2019},
  publisher={Institute of Mathematical Statistics}
}
@article{gneiting2007strictly,
  title={Strictly proper scoring rules, prediction, and estimation},
  author={Gneiting, Tilmann and Raftery, Adrian E},
  journal={Journal of the American statistical Association},
  volume={102},
  number={477},
  pages={359--378},
  year={2007},
  publisher={Taylor \& Francis}
}
@article{zhang2007adaptive,
  title={Adaptive Lasso for Cox's proportional hazards model},
  author={Zhang, Hao Helen and Lu, Wenbin},
  journal={Biometrika},
  volume={94},
  number={3},
  pages={691--703},
  year={2007},
  publisher={Oxford University Press}
}
@article{tibshirani1997lasso,
  title={The lasso method for variable selection in the Cox model},
  author={Tibshirani, Robert},
  journal={Statistics in medicine},
  volume={16},
  number={4},
  pages={385--395},
  year={1997},
  publisher={Wiley Online Library}
}
@article{wang2019machine,
  title={Machine learning for survival analysis: A survey},
  author={Wang, Ping and Li, Yan and Reddy, Chandan K},
  journal={ACM Computing Surveys (CSUR)},
  volume={51},
  number={6},
  pages={1--36},
  year={2019},
  publisher={ACM New York, NY, USA}
}
@inproceedings{bender2020general,
  title={A general machine learning framework for survival analysis},
  author={Bender, Andreas and R{\"u}gamer, David and Scheipl, Fabian and Bischl, Bernd},
  booktitle={Joint European Conference on Machine Learning and Knowledge Discovery in Databases},
  pages={158--173},
  year={2020},
  organization={Springer}
}
@inproceedings{bender2020general,
  title={A general machine learning framework for survival analysis},
  author={Bender, Andreas and R{\"u}gamer, David and Scheipl, Fabian and Bischl, Bernd},
  booktitle={Joint European Conference on Machine Learning and Knowledge Discovery in Databases},
  pages={158--173},
  year={2020},
  organization={Springer}
}
@article{binder2008allowing,
  title={Allowing for mandatory covariates in boosting estimation of sparse high-dimensional survival models},
  author={Binder, Harald and Schumacher, Martin},
  journal={BMC bioinformatics},
  volume={9},
  number={1},
  pages={1--10},
  year={2008},
  publisher={Springer}
}
@article{buckley1979linear,
  title={Linear regression with censored data},
  author={Buckley, Jonathan and James, Ian},
  journal={Biometrika},
  volume={66},
  number={3},
  pages={429--436},
  year={1979},
  publisher={Oxford University Press}
}
@article{gordon1985tree,
  title={Tree-structured survival analysis.},
  author={Gordon, Louis and Olshen, Richard A},
  journal={Cancer treatment reports},
  volume={69},
  number={10},
  pages={1065--1069},
  year={1985}
}
@article{ishwaran2008random,
  title={Random survival forests},
  author={Ishwaran, Hemant and Kogalur, Udaya B and Blackstone, Eugene H and Lauer, Michael S},
  journal={The annals of applied statistics},
  volume={2},
  number={3},
  pages={841--860},
  year={2008},
  publisher={Institute of Mathematical Statistics}
}
@article{hothorn2006survival,
  title={Survival ensembles},
  author={Hothorn, Torsten and B{\"u}hlmann, Peter and Dudoit, Sandrine and Molinaro, Annette and van der Laan, Mark J},
  journal={Biostatistics},
  volume={7},
  number={3},
  pages={355--373},
  year={2006},
  publisher={Oxford University Press}
}
@article{hothorn2004bagging,
  title={Bagging survival trees},
  author={Hothorn, Torsten and Lausen, Berthold and Benner, Axel and Radespiel-Tr{\"o}ger, Martin},
  journal={Statistics in medicine},
  volume={23},
  number={1},
  pages={77--91},
  year={2004},
  publisher={Wiley Online Library}
}
@article{faraggi1995neural,
  title={A neural network model for survival data},
  author={Faraggi, David and Simon, Richard},
  journal={Statistics in medicine},
  volume={14},
  number={1},
  pages={73--82},
  year={1995},
  publisher={Wiley Online Library}
}
@article{katzman2018deepsurv,
  title={DeepSurv: personalized treatment recommender system using a Cox proportional hazards deep neural network},
  author={Katzman, Jared L and Shaham, Uri and Cloninger, Alexander and Bates, Jonathan and Jiang, Tingting and Kluger, Yuval},
  journal={BMC medical research methodology},
  volume={18},
  number={1},
  pages={1--12},
  year={2018},
  publisher={BioMed Central}
}
@inproceedings{ranganath2016deep,
  title={Deep survival analysis},
  author={Ranganath, Rajesh and Perotte, Adler and Elhadad, No{\'e}mie and Blei, David},
  booktitle={Machine Learning for Healthcare Conference},
  pages={101--114},
  year={2016},
  organization={PMLR}
}
@article{liestbl1994survival,
  title={Survival analysis and neural nets},
  author={Liestbl, Knut and Andersen, Per Kragh and Andersen, Ulrich},
  journal={Statistics in medicine},
  volume={13},
  number={12},
  pages={1189--1200},
  year={1994},
  publisher={Wiley Online Library}
}
@article{han2021inverse,
  title={Inverse-Weighted Survival Games},
  author={Han, Xintian and Goldstein, Mark and Puli, Aahlad and Wies, Thomas and Perotte, Adler and Ranganath, Rajesh},
  journal={Advances in Neural Information Processing Systems},
  volume={34},
  year={2021}
}
@inproceedings{lee2018deephit,
  title={Deephit: A deep learning approach to survival analysis with competing risks},
  author={Lee, Changhee and Zame, William and Yoon, Jinsung and van der Schaar, Mihaela},
  booktitle={Proceedings of the AAAI conference on artificial intelligence},
  volume={32},
  number={1},
  year={2018}
}
@article{steingrimsson2020deep,
  title={Deep learning for survival outcomes},
  author={Steingrimsson, Jon Arni and Morrison, Samantha},
  journal={Statistics in medicine},
  volume={39},
  number={17},
  pages={2339--2349},
  year={2020},
  publisher={Wiley Online Library}
}
@article{matsuo2019survival,
  title={Survival outcome prediction in cervical cancer: Cox models vs deep-learning model},
  author={Matsuo, Koji and Purushotham, Sanjay and Jiang, Bo and Mandelbaum, Rachel S and Takiuchi, Tsuyoshi and Liu, Yan and Roman, Lynda D},
  journal={American journal of obstetrics and gynecology},
  volume={220},
  number={4},
  pages={381--e1},
  year={2019},
  publisher={Elsevier}
}
@article{kvamme2019continuous,
  title={Continuous and discrete-time survival prediction with neural networks},
  author={Kvamme, H{\aa}vard and Borgan, {\O}rnulf},
  journal={arXiv preprint arXiv:1910.06724},
  year={2019}
}
@article{gensheimer2019scalable,
  title={A scalable discrete-time survival model for neural networks},
  author={Gensheimer, Michael F and Narasimhan, Balasubramanian},
  journal={PeerJ},
  volume={7},
  pages={e6257},
  year={2019},
  publisher={PeerJ Inc.}
}
@article{graf1999assessment,
  title={Assessment and comparison of prognostic classification schemes for survival data},
  author={Graf, Erika and Schmoor, Claudia and Sauerbrei, Willi and Schumacher, Martin},
  journal={Statistics in medicine},
  volume={18},
  number={17-18},
  pages={2529--2545},
  year={1999},
  publisher={Wiley Online Library}
}
@article{hjort1992inference,
  title={On inference in parametric survival data models},
  author={Hjort, Nils Lid},
  journal={International Statistical Review/Revue Internationale de Statistique},
  pages={355--387},
  year={1992},
  publisher={JSTOR}
}
@article{fine2002comparing,
  title={Comparing nonnested Cox models},
  author={Fine, JP},
  journal={Biometrika},
  volume={89},
  number={3},
  pages={635--648},
  year={2002},
  publisher={Oxford University Press}
}
@article{verweij1993cross,
  title={Cross-validation in survival analysis},
  author={Verweij, Pierre JM and Van Houwelingen, Hans C},
  journal={Statistics in medicine},
  volume={12},
  number={24},
  pages={2305--2314},
  year={1993},
  publisher={Wiley Online Library}
}
@article{van2006cross,
  title={Cross-validated Cox regression on microarray gene expression data},
  author={Van Houwelingen, Hans C and Bruinsma, Tako and Hart, Augustinus AM and Van't Veer, Laura J and Wessels, Lodewyk FA},
  journal={Statistics in medicine},
  volume={25},
  number={18},
  pages={3201--3216},
  year={2006},
  publisher={Wiley Online Library}
}
@article{simon2011regularization,
  title={Regularization paths for Cox’s proportional hazards model via coordinate descent},
  author={Simon, Noah and Friedman, Jerome and Hastie, Trevor and Tibshirani, Rob},
  journal={Journal of statistical software},
  volume={39},
  number={5},
  pages={1},
  year={2011},
  publisher={NIH Public Access}
}
@inproceedings{miscouridou2018deep,
  title={Deep survival analysis: Nonparametrics and missingness},
  author={Miscouridou, Xenia and Perotte, Adler and Elhadad, No{\'e}mie and Ranganath, Rajesh},
  booktitle={Machine Learning for Healthcare Conference},
  pages={244--256},
  year={2018},
  organization={PMLR}
}
@inproceedings{hu2021transformer,
  title={Transformer-based deep survival analysis},
  author={Hu, Shi and Fridgeirsson, Egill and van Wingen, Guido and Welling, Max},
  booktitle={Survival Prediction-Algorithms, Challenges and Applications},
  pages={132--148},
  year={2021},
  organization={PMLR}
}
@inproceedings{giunchiglia2018rnn,
  title={RNN-SURV: A deep recurrent model for survival analysis},
  author={Giunchiglia, Eleonora and Nemchenko, Anton and Schaar, Mihaela van der},
  booktitle={International Conference on Artificial Neural Networks},
  pages={23--32},
  year={2018},
  organization={Springer}
}
@inproceedings{ren2019deep,
  title={Deep recurrent survival analysis},
  author={Ren, Kan and Qin, Jiarui and Zheng, Lei and Yang, Zhengyu and Zhang, Weinan and Qiu, Lin and Yu, Yong},
  booktitle={Proceedings of the AAAI Conference on Artificial Intelligence},
  volume={33},
  number={01},
  pages={4798--4805},
  year={2019}
}
@article{nagpal2021deep,
  title={Deep survival machines: Fully parametric survival regression and representation learning for censored data with competing risks},
  author={Nagpal, Chirag and Li, Xinyu and Dubrawski, Artur},
  journal={IEEE Journal of Biomedical and Health Informatics},
  volume={25},
  number={8},
  pages={3163--3175},
  year={2021},
  publisher={IEEE}
}
@article{uno2011c,
  title={On the C-statistics for evaluating overall adequacy of risk prediction procedures with censored survival data},
  author={Uno, Hajime and Cai, Tianxi and Pencina, Michael J and D'Agostino, Ralph B and Wei, Lee-Jen},
  journal={Statistics in medicine},
  volume={30},
  number={10},
  pages={1105--1117},
  year={2011},
  publisher={Wiley Online Library}
}
@inproceedings{wang2021combining,
  title={Combining Ranking and Point-wise Losses for Training Deep Survival Analysis Models},
  author={Wang, Lu and Li, Yan and Chignell, Mark},
  booktitle={2021 IEEE International Conference on Data Mining (ICDM)},
  pages={689--698},
  year={2021},
  organization={IEEE}
}
@article{zupan2000machine,
  title={Machine learning for survival analysis: a case study on recurrence of prostate cancer},
  author={Zupan, Bla{\v{z}} and Dem{\v{s}}ar, Janez and Kattan, Michael W and Beck, J Robert and Bratko, Ivan},
  journal={Artificial intelligence in medicine},
  volume={20},
  number={1},
  pages={59--75},
  year={2000},
  publisher={Elsevier}
}
@article{zhao2020deep,
  title={Deep neural networks for survival analysis using pseudo values},
  author={Zhao, Lili and Feng, Dai},
  journal={IEEE journal of biomedical and health informatics},
  volume={24},
  number={11},
  pages={3308--3314},
  year={2020},
  publisher={IEEE}
}
@inproceedings{avati2020countdown,
  title={Countdown regression: sharp and calibrated survival predictions},
  author={Avati, Anand and Duan, Tony and Zhou, Sharon and Jung, Kenneth and Shah, Nigam H and Ng, Andrew Y},
  booktitle={Uncertainty in Artificial Intelligence},
  pages={145--155},
  year={2020},
  organization={PMLR}
}
@article{steck2007ranking,
  title={On ranking in survival analysis: Bounds on the concordance index},
  author={Steck, Harald and Krishnapuram, Balaji and Dehing-Oberije, Cary and Lambin, Philippe and Raykar, Vikas C},
  journal={Advances in neural information processing systems},
  volume={20},
  year={2007}
}
@article{van2007super,
  title={Super learner},
  author={van der Laan, Mark J and Polley, Eric C and Hubbard, Alan E},
  journal={Statistical applications in genetics and molecular biology},
  volume={6},
  number={1},
  year={2007},
  publisher={De Gruyter}
}
@article{breiman1996stacked,
  title={Stacked regressions},
  author={Breiman, Leo},
  journal={Machine learning},
  volume={24},
  number={1},
  pages={49--64},
  year={1996},
  publisher={Springer}
}
@inproceedings{gill1997coarsening,
  title={Coarsening at random: Characterizations, conjectures, counter-examples},
  author={Gill, Richard D and Laan, Mark J and Robins, James M},
  booktitle={Proceedings of the First Seattle Symposium in Biostatistics},
  pages={255--294},
  year={1997},
  organization={Springer}
}
@article{struthers1986misspecified,
  title={Misspecified proportional hazard models},
  author={Struthers, Cyntha A and Kalbfleisch, John D},
  journal={Biometrika},
  volume={73},
  number={2},
  pages={363--369},
  year={1986},
  publisher={Oxford University Press}
}
@article{van2003unicv,
  title={Unified cross-validation methodology for selection among estimators and a general cross-validated adaptive epsilon-net estimator: Finite sample oracle inequalities and examples},
  author={van der Laan, Mark J and Dudoit, Sandrine},
  year={2003},
  publisher={bepress}
}
@book{fan1996local,
  title={Local polynomial modelling and its applications},
  author={Fan, Jianqing and Gijbels, Irene},
  year={1996},
  publisher={Routledge}
}
@article{steingrimsson2019censoring,
  title={Censoring unbiased regression trees and ensembles},
  author={Steingrimsson, Jon Arni and Diao, Liqun and Strawderman, Robert L},
  journal={Journal of the American Statistical Association},
  volume={114},
  number={525},
  pages={370--383},
  year={2019},
  publisher={Taylor \& Francis}
}
@article{mogensen2013random,
  title={A random forest approach for competing risks based on pseudo-values},
  author={Mogensen, Ulla B and Gerds, Thomas A},
  journal={Statistics in medicine},
  volume={32},
  number={18},
  pages={3102--3114},
  year={2013},
  publisher={Wiley Online Library}
}
@article{andersen2003generalised,
  title={Generalised linear models for correlated pseudo-observations, with applications to multi-state models},
  author={Andersen, Per Kragh and Klein, John P and Rosth{\o}j, Susanne},
  journal={Biometrika},
  volume={90},
  number={1},
  pages={15--27},
  year={2003},
  publisher={Oxford University Press}
}
@article{gerds2006consistent,
  title={Consistent estimation of the expected Brier score in general survival models with right-censored event times},
  author={Gerds, Thomas A and Schumacher, Martin},
  journal={Biometrical Journal},
  volume={48},
  number={6},
  pages={1029--1040},
  year={2006},
  publisher={Wiley Online Library}
}
