@article{jensen2014temporal,
  title={Temporal disease trajectories condensed from population-wide registry data covering 6.2 million patients},
  author={Jensen, Anders Boeck and Moseley, Pope L and Oprea, Tudor I and Elles{\o}e, Sabrina Gade and Eriksson, Robert and Schmock, Henriette and Jensen, Peter Bj{\o}dstrup and Jensen, Lars Juhl and Brunak, S{\o}ren},
  journal={Nature communications},
  volume={5},
  number={1},
  pages={1--10},
  year={2014},
  publisher={Nature Publishing Group}
}
@article{mogensen2020markov,
  title={Markov equivalence of marginalized local independence graphs},
  author={Mogensen, S{\o}ren Wengel and Hansen, Niels Richard and others},
  journal={The Annals of Statistics},
  volume={48},
  number={1},
  pages={539--559},
  year={2020},
  publisher={Institute of Mathematical Statistics}
}
@article{schweder1970composable,
  title={Composable markov processes},
  author={Schweder, Tore},
  journal={Journal of applied probability},
  volume={7},
  number={2},
  pages={400--410},
  year={1970},
  publisher={Cambridge University Press}
}
@article{aalen1987dynamic,
  title={Dynamic modelling and causality},
  author={Aalen, Odd O},
  journal={Scandinavian Actuarial Journal},
  volume={1987},
  number={3-4},
  pages={177--190},
  year={1987},
  publisher={Taylor \& Francis}
}
@article{aalen1980interaction,
  title={Interaction between life history events. Nonparametric analysis for prospective and retrospective data in the presence of censoring},
  author={Aalen, Odd O and Borgan, {\O}rnulf and Keiding, Niels and Thormann, Jens},
  journal={Scandinavian Journal of Statistics},
  pages={161--171},
  year={1980},
  publisher={JSTOR}
}
@inproceedings{mogensen2018causal,
  title={Causal Learning for Partially Observed Stochastic Dynamical Systems.},
  author={Mogensen, S{\o}ren Wengel and Malinsky, Daniel and Hansen, Niels Richard},
  booktitle={UAI},
  pages={350--360},
  year={2018}
}
@article{didelez2008graphical,
  title={Graphical models for marked point processes based on local independence},
  author={Didelez, Vanessa},
  journal={Journal of the Royal Statistical Society: Series B (Statistical Methodology)},
  volume={70},
  number={1},
  pages={245--264},
  year={2008},
  publisher={Wiley Online Library}
}
@article{aalen2012causality,
  title={Causality, mediation and time: a dynamic viewpoint},
  author={Aalen, Odd O and R{\o}ysland, Kjetil and Gran, Jon Michael and Ledergerber, Bruno},
  journal={Journal of the Royal Statistical Society: Series A (Statistics in Society)},
  volume={175},
  number={4},
  pages={831--861},
  year={2012},
  publisher={Wiley Online Library}
}
@article{aalen2016can,
  title={Can we believe the DAGs? A comment on the relationship between causal DAGs and mechanisms},
  author={Aalen, Odd Olai and R{\o}ysland, Kjetil and Gran, Jon Michael and Kouyos, Roger and Lange, Tanja},
  journal={Statistical methods in medical research},
  volume={25},
  number={5},
  pages={2294--2314},
  year={2016},
  publisher={SAGE Publications Sage UK: London, England}
}
@article{lin2017mediation,
  title={Mediation analysis for a survival outcome with time-varying exposures, mediators, and confounders},
  author={Lin, Sheng-Hsuan and Young, Jessica G and Logan, Roger and VanderWeele, Tyler J},
  journal={Statistics in medicine},
  volume={36},
  number={26},
  pages={4153--4166},
  year={2017},
  publisher={Wiley Online Library}
}
