@inproceedings{gill1997coarsening,
  title={Coarsening at random: Characterizations, conjectures, counter-examples},
  author={Gill, Richard D and van der Laan, Mark J and Robins, James M},
  booktitle={Proceedings of the First Seattle Symposium in Biostatistics},
  year={1997}
}
@book{van2003unified,
  title={Unified methods for censored longitudinal data and causality},
  author={van der Laan, Mark J and Robins, James M},
  year={2003},
  publisher={Springer Science \& Business Media}
}
@article{graf1999assessment,
  title={Assessment and comparison of prognostic classification schemes for survival data},
  author={Graf, Erika and Schmoor, Claudia and Sauerbrei, Willi and Schumacher, Martin},
  journal={Statistics in medicine},
  year={1999}
}
@article{hothorn2006survival,
  title={Survival ensembles},
  author={Hothorn, Torsten and B{\"u}hlmann, Peter and Dudoit, Sandrine and Molinaro, Annette and van der Laan, Mark J},
  journal={Biostatistics},
  year={2006}
}
@article{gonzalez2021stacked,
  title={Stacked inverse probability of censoring weighted bagging: A case study in the InfCareHIV register},
  author={Gonzalez Ginestet, Pablo and Kotalik, Ales and Vock, David M and Wolfson, Julian and Gabriel, Erin E},
  journal={Journal of the Royal Statistical Society Series C: Applied Statistics},
  year={2021}
}
@book{fan1996local,
  title={Local polynomial modelling and its applications},
  author={Fan, Jianqing and Gijbels, Irene},
  year={1996},
  publisher={Routledge}
}
@article{steingrimsson2019censoring,
  title={Censoring unbiased regression trees and ensembles},
  author={Steingrimsson, Jon Arni and Diao, Liqun and Strawderman, Robert L},
  journal={Journal of the American Statistical Association},
  year={2019}
}
@article{andersen2003generalised,
  title={Generalised linear models for correlated pseudo-observations, with applications to multi-state models},
  author={Andersen, Per Kragh and Klein, John P and Rosth{\o}j, Susanne},
  journal={Biometrika},
  year={2003}
}
@article{sachs2019ensemble,
  title={Ensemble prediction of time-to-event outcomes with competing risks: A case-study of surgical complications in {C}rohn's disease},
  author={Sachs, Michael C and Discacciati, Andrea and Everhov, {\AA}sa H and Ol{\'e}n, Ola and Gabriel, Erin E},
  journal={Journal of the Royal Statistical Society Series C: Applied Statistics},
  year={2019}
}
@article{kattan2000pretreatment,
  title={Pretreatment nomogram for predicting the outcome of three-dimensional conformal radiotherapy in prostate cancer},
  author={Kattan, Michael W and Zelefsky, Michael J and Kupelian, Patrick A and Scardino, Peter T and Fuks, Zvi and Leibel, Steven A},
  journal={Journal of clinical oncology},
  year={2000},
}
@article{munch2024,
  title={The state learner-- a super learner for right-censored data},
  author={Munch, Anders and Gerds, Thomas},
  journal={Preprint},
  year={2024}
}
@article{westling2021inference,
  title={Inference for treatment-specific survival curves using machine learning},
  author={Westling, Ted and Luedtke, Alex and Gilbert, Peter and Carone, Marco},
  journal={Journal of the American Statistical Association},
  year={2023}
}
